@article{symes2013decoupling,
  title={Decoupling hydrogen and oxygen evolution during electrolytic water splitting using an electron-coupled-proton buffer},
  author={Symes, Mark D and Cronin, Leroy},
  journal={Nature chemistry},
  volume={5},
  number={5},
  pages={403--409},
  year={2013},
  publisher={Nature Research}
}

@book{BardFaulkner,
    author = {Bard, A.J. and Faulkner, L.R.},
    isbn = {978-0-471-04372-0},
    publisher = {John Wiley \& Sons, Inc},
    title = {{Electrochemical Methods: Fundamentals and Applications}},
    url = {http://www.wiley.com/WileyCDA/WileyTitle/productCd-0471043729.html},
    year = {2001}
}

@misc{brett1993principles,
  title={Principles, Methods, and Applications of Electrochemistry},
  author={Brett, C.M.A. and Brett, Oliveira, A.M.},
  year={1993},
  publisher={New York}
}

@book{pletcher2001instrumental,
  title={Instrumental methods in electrochemistry},
  author={Pletcher, D. and Greff, R. and Peat, R. and Peter, L.M. and Robinson, J.},
  year={2001},
  publisher={Elsevier}
}

@article{lopez2014two,
  title={Two-electron transfer reactions in electrochemistry for solution-soluble and surface-confined molecules: a common approach},
  author={Lopez-Tenes, Manuela and Gonzalez, Joaquin and Molina, Angela},
  journal={The Journal of Physical Chemistry C},
  volume={118},
  number={23},
  pages={12312--12324},
  year={2014},
  publisher={ACS Publications}
}

@article{guo2015fourier,
  title={Fourier Transformed Large Amplitude Alternating Current Voltammetry: Principles and Applications},
  author={Guo, Si-Xuan and Bond, Alan M and Zhang, Jie},
  journal={Review of Polarography},
  volume={61},
  number={1},
  pages={21--32},
  year={2015},
  publisher={日本ポーラログラフ学会}
}

@article{bond2015integrated,
  title={An integrated instrumental and theoretical approach to quantitative electrode kinetic studies based on large amplitude Fourier transformed ac voltammetry: A mini review},
  author={Bond, Alan M and Elton, Darrell and Guo, Si-Xuan and Kennedy, Gareth F and Mashkina, Elena and Simonov, Alexandr N and Zhang, Jie},
  journal={Electrochemistry Communications},
  volume={57},
  pages={78--83},
  year={2015},
  publisher={Elsevier}
}

@article{evans2008one,
  title={One-electron and two-electron transfers in electrochemistry and homogeneous solution reactions},
  author={Evans, Dennis H},
  journal={Chemical reviews},
  volume={108},
  number={7},
  pages={2113--2144},
  year={2008},
  publisher={ACS Publications}
}

@book{saveant2006elements,
  title={Elements of molecular and biomolecular electrochemistry: an electrochemical approach to electron transfer chemistry},
  author={Sav{\'e}ant, Jean-Michel},
  volume={13},
  year={2006},
  publisher={John Wiley \& Sons}
}
@article{mirceski2016measuring,
  title={Measuring the electrode kinetics of vitamin B2 at a constant time window of a square wave voltammetric experiment},
  author={Mirceski, Valentin and Smarzewska, Sylwia and Guziejewski, Dariusz},
  journal={Electroanalysis},
  volume={28},
  number={2},
  pages={385--393},
  year={2016},
  publisher={Wiley Online Library}
}

@article{gonzalez2013reversible,
  title={Reversible Surface Two-Electron Transfer Reactions in Square Wave Voltcoulommetry: Application to the Study of the Reduction of Polyoxometalate [PMo12O40] 3--Immobilized at a Boron Doped Diamond Electrode},
  author={Gonzalez, Joaquin and Molina, Angela and Lopez-Tenes, Manuela and Karimian, Fereshteh},
  journal={Analytical chemistry},
  volume={85},
  number={18},
  pages={8764--8772},
  year={2013},
  publisher={ACS Publications}
}

@article{batchelor2015recent,
  title={Recent advances in voltammetry},
  author={Batchelor-McAuley, Christopher and K{\"a}telh{\"o}n, Enno and Barnes, Edward O and Compton, Richard G and Laborda, Eduardo and Molina, Angela},
  journal={ChemistryOpen},
  volume={4},
  number={3},
  pages={224--260},
  year={2015},
  publisher={Wiley Online Library}
}

@article{gavaghan2017,
author = {Gavaghan, D.J. and Cooper, J.C. and Daly, A.C. and Gill, C. and Gillow, K. and Robinson, M. and Simonov, A.N. and Zhang, J. and Bond, A.M.},
doi = {},
issn = {},
journal = {Chem. Electrochem. Chem.},
number = {},
pages = {},
pmid = {},
publisher = {John Wiley},
title = {Use of Bayesian inference for parameter recovery in DC and AC Voltammetry.},
url = {},
volume = {},
year = {2017}
}

@article{Morrisetal,
author = {Morris, G.P. and Simonov, A.N. and Mashkina, E.A. and Bordas, R. and Gillow, K. and Baker, R.E. and Gavaghan, D.J. and Bond, A.M.},
doi = {10.1021/ac4022105},
issn = {1520-6882},
journal = {Analytical chemistry},
number = {24},
pages = {11780--7},
pmid = {24160752},
publisher = {American Chemical Society},
title = {{A comparison of fully automated methods of data analysis and computer assisted heuristic methods in an electrode kinetic study of the pathologically variable $[\mathrm{Fe(CN)}_6]^{(3-/4-)}$ process by AC voltammetry.}},
url = {http://pubs.acs.org/doi/abs/10.1021/ac4022105},
volume = {85},
year = {2013}
}

@article{lee2012detailed,
  title={Detailed electrochemical studies of the tetraruthenium polyoxometalate water oxidation catalyst in acidic media: identification of an extended oxidation series using fourier transformed alternating current voltammetry},
  author={Lee, Chong-Yong and Guo, Si-Xuan and Murphy, Aidan F and McCormac, Timothy and Zhang, Jie and Bond, Alan M and Zhu, Guibo and Hill, Craig L and Geletii, Yurii V},
  journal={Inorganic chemistry},
  volume={51},
  number={21},
  pages={11521--11532},
  year={2012},
  publisher={ACS Publications}
}

@article{wei2014phosphomolybdic,
  title={A phosphomolybdic acid anion probe-based label-free, stable and simple electrochemical biosensing platform},
  author={Wei, Tianxiang and Chen, Yuyun and Tu, Wenwen and Lan, Yaqian and Dai, Zhihui},
  journal={Chemical Communications},
  volume={50},
  number={66},
  pages={9357--9360},
  year={2014},
  publisher={The Royal Society of Chemistry}
}

@article{wang2014novel,
  title={A novel phosphomolybdic acid--polypyrrole/graphene composite modified electrode for sensitive determination of folic acid},
  author={Wang, Zonghua and Han, Qiuhuan and Xia, Jianfei and Xia, Lin and Bi, Sai and Shi, Guoyu and Zhang, Feifei and Xia, Yanzhi and Li, Yanhui and Xia, Linhua},
  journal={Journal of Electroanalytical Chemistry},
  volume={726},
  pages={107--111},
  year={2014},
  publisher={Elsevier}
}

@article{Sheretal,
author = {Sher, A.A. and Bond, A.M. and Gavaghan, D.J. and Harriman, K. and Feldberg, S.W. and Duffy, N.W. and Guo, S.-X. and Zhang, J.},
doi = {10.1021/ac0495337},
issn = {0003-2700},
journal = {Analytical chemistry},
number = {21},
pages = {6214--28},
pmid = {15516112},
title = {{Resistance, capacitance, and electrode kinetic effects in Fourier-transformed large-amplitude sinusoidal voltammetry: emergence of powerful and intuitively obvious tools for recognition of patterns of behavior.}},
url = {http://www.ncbi.nlm.nih.gov/pubmed/15516112},
volume = {76},
year = {2004}
}



@article{bajwa2013multilayer,
  title={Multilayer polyoxometalates-carbon nanotube composites for electrochemical capacitors},
  author={Bajwa, Gurvinder and Genovese, Matthew and Lian, Keryn},
  journal={ECS Journal of Solid State Science and Technology},
  volume={2},
  number={10},
  pages={M3046--M3050},
  year={2013},
  publisher={The Electrochemical Society}
}

@article{choi2009adsorption,
  title={Adsorption Properties of Keggin-type Polyoxometalates on Carbon Based Electrode Surfaces and Their Electrocatalytic Activities},
  author={Choi, Su-Hee and Kim, Jong-Won},
  journal={Bulletin of the Korean Chemical Society},
  volume={30},
  number={4},
  pages={810--816},
  year={2009},
  publisher={Korean Chemical Society}
}

@article{ding2014phosphomolybdate,
  title={Phosphomolybdate@ poly (diallyldimethylammonium chloride)-reduced graphene oxide modified electrode for highly efficient electrocatalytic reduction of bromate},
  author={Ding, Liang and Liu, Yuping and Guo, Si-Xuan and Zhai, Jianping and Bond, Alan M and Zhang, Jie},
  journal={Journal of Electroanalytical Chemistry},
  volume={727},
  pages={69--77},
  year={2014},
  publisher={Elsevier}
}

@article{chen2013fabrication,
  title={Fabrication phosphomolybdic acid--reduced graphene oxide nanocomposite by UV photo-reduction and its electrochemical properties},
  author={Chen, Jie and Liu, Suling and Feng, Wei and Zhang, Guoquan and Yang, Fenglin},
  journal={Physical Chemistry Chemical Physics},
  volume={15},
  number={15},
  pages={5664--5669},
  year={2013},
  publisher={Royal Society of Chemistry}
}
